<?xml version="1.0" encoding="UTF-8" ?><xb:digital_entity_call xmlns:xb="http://com/exlibris/digitool/repository/api/xmlbeans"><xb:digital_entity><pid>94163</pid><control><label>Maly_1087.pdf</label><note xsi:nil="true" xmlns:xsi="http://www.w3.org/2001/XMLSchema-instance"/><ingest_id>ing2169</ingest_id><ingest_name>mff_import</ingest_name><entity_type xsi:nil="true" xmlns:xsi="http://www.w3.org/2001/XMLSchema-instance"/><entity_group xsi:nil="true" xmlns:xsi="http://www.w3.org/2001/XMLSchema-instance"/><usage_type>VIEW</usage_type><preservation_level>any</preservation_level><partition_a xsi:nil="true" xmlns:xsi="http://www.w3.org/2001/XMLSchema-instance"/><partition_b>mff</partition_b><partition_c xsi:nil="true" xmlns:xsi="http://www.w3.org/2001/XMLSchema-instance"/><status xsi:nil="true" xmlns:xsi="http://www.w3.org/2001/XMLSchema-instance"/><creation_date>2010-02-10 17:51:14</creation_date><creator>creator:DUVT</creator><modification_date>2019-05-17 10:25:42</modification_date><modified_by>super:DUVT</modified_by><admin_unit>DUR01</admin_unit></control><mds><md shared="false"><mid>166958</mid><description xsi:nil="true" xmlns:xsi="http://www.w3.org/2001/XMLSchema-instance"/><name>changehistory</name><type>changehistory_md</type><value><![CDATA[<xb:history xmlns:xb="http://com/exlibris/digitool/repository/api/xmlbeans"><events><event xmlID="1"><eventIdentifier><eventIdentifierType>INGEST ID</eventIdentifierType><eventIdentifierValue>ing2169</eventIdentifierValue></eventIdentifier><eventType>Technical Metadata Extraction</eventType><eventDateTime>2010-02-10T16:48:03.928+01:00</eventDateTime><eventDetail>Add some metadata to the digital entity using jhove</eventDetail><linkingAgentIdentifier><linkingAgentIdentifierType>software_used</linkingAgentIdentifierType><linkingAgentIdentifierValue>JHove</linkingAgentIdentifierValue></linkingAgentIdentifier></event><event xmlID="2"><eventIdentifier><eventIdentifierType>INGEST ID</eventIdentifierType><eventIdentifierValue>ing2169</eventIdentifierValue></eventIdentifier><eventType>Full Text Extraction</eventType><eventDateTime>2010-02-10T16:57:20.864+01:00</eventDateTime><eventDetail>Making a html index file from pdf file</eventDetail><linkingAgentIdentifier><linkingAgentIdentifierType>software_used</linkingAgentIdentifierType><linkingAgentIdentifierValue>pdftotext</linkingAgentIdentifierValue></linkingAgentIdentifier></event><event xmlID="3"><eventIdentifier><eventIdentifierType>INGEST ID</eventIdentifierType><eventIdentifierValue>ing2169</eventIdentifierValue></eventIdentifier><eventType>Thumbnail Creation</eventType><eventDateTime>2010-02-10T17:47:26.881+01:00</eventDateTime><eventDetail>Making a thumbnail from a pdf file</eventDetail><linkingAgentIdentifier><linkingAgentIdentifierType>software_used</linkingAgentIdentifierType><linkingAgentIdentifierValue>convert</linkingAgentIdentifierValue></linkingAgentIdentifier></event></events></xb:history>]]></value></md><md shared="false"><mid>2306088</mid><description> </description><name>descriptive</name><type>marc</type><value><![CDATA[<record xmlns="http://www.loc.gov/MARC21/slim" xmlns:xsi="http://www.w3.org/2001/XMLSchema-instance" xsi:schemaLocation="http://www.loc.gov/MARC21/slim http://www.loc.gov/standards/marcxml/schema/MARC21slim.xsd"><leader>03486ntm a2200445 i 4500</leader><controlfield tag="001">001030753</controlfield><controlfield tag="003">CZ PrCU</controlfield><controlfield tag="005">20090129130240.0</controlfield><controlfield tag="008">170412s2008    xr      r           cze d</controlfield><datafield tag="040" ind1=" " ind2=" "><subfield code="a">ABD170</subfield><subfield code="b">cze</subfield><subfield code="e">rda</subfield></datafield><datafield tag="072" ind1=" " ind2="7"><subfield code="a">004.9</subfield><subfield code="x">Speciální počítačové metody. Počítačová grafika</subfield><subfield code="2">Konspekt</subfield><subfield code="9">23</subfield></datafield><datafield tag="080" ind1=" " ind2=" "><subfield code="a">004.94</subfield><subfield code="2">v</subfield></datafield><datafield tag="100" ind1="1" ind2=" "><subfield code="a">Malý, Ondřej</subfield><subfield code="4">dis</subfield></datafield><datafield tag="245" ind1="1" ind2="0"><subfield code="a">Software pro modelování jízdních vlastností automobilu /</subfield><subfield code="c">Ondřej Malý ; vedoucí práce Pavel Surynek ; oponent práce Petr Gregor</subfield></datafield><datafield tag="246" ind1="3" ind2="3"><subfield code="a">Software for Modeling Car Driving Properties</subfield></datafield><datafield tag="300" ind1=" " ind2=" "><subfield code="a">30 s.</subfield><subfield code="b">tab., obr., graf. +</subfield><subfield code="e">1 CD</subfield></datafield><datafield tag="504" ind1=" " ind2=" "><subfield code="a">Obsahuje bibliografii a rejstřík</subfield></datafield><datafield tag="500" ind1=" " ind2=" "><subfield code="a">Datum obhajoby: 09-09-2008</subfield></datafield><datafield tag="502" ind1=" " ind2=" "><subfield code="a">Bakalářská práce (Bc.)--Univerzita Karlova. Matematicko-fyzikální fakulta, 2008</subfield></datafield><datafield tag="526" ind1="8" ind2=" "><subfield code="a">Programování</subfield></datafield><datafield tag="526" ind1="8" ind2="1"><subfield code="a">Informatika</subfield></datafield><datafield tag="586" ind1=" " ind2=" "><subfield code="a">Výsledné hodnocení: Velmi dobře</subfield></datafield><datafield tag="520" ind1=" " ind2=" "><subfield code="a">Tato práce je určena všem zájemcům o fyzikální modely, diskrétní počítačové simulace a automobilismus. Text popisuje matematický model automobilu, popis sil a jevů, které při pohybu automobilu vznikají. Model se zaměřuje zejména na funkci motoru, přenosu točivého momentu, brzdění a zatáčení. Dále se věnuje elektronickým systémům ABS a ESP, které zlepšují ovladatelnost vozu. Nejdůležitější částí práce počítačový program určený pro simulaci a vizualizaci výsledků modelu. Program umožňuje dávkový vstup a tím se stává dobrým nástrojem pro experimentování s různým nastavením vozu. Textová část práce je také doplněna o náhledy průběhů některých testů chování, a spolu s výkladem umožňuje nahlédnout na fyzikální podstatu chování automobilu.</subfield><subfield code="b">Plný text abstraktu naleznete v Repozitáři závěrečných prací UK</subfield><subfield code="8">cze</subfield></datafield><datafield tag="520" ind1=" " ind2=" "><subfield code="a">This work is intended for all interested in physical modelling, discrete computer simulations and motorism. Text part describes mathematical model of a car, description of forces and effects which occurs within car motion. Model is focused especially on the engine, trasferring the torque, braking and turning. Furthermore the thesis deals with electronic systems like ABS or ESP, which improves the steering control. The most important part of this work is a computer application for simulating and visualising the model. The program supports batch input and become a useful tool for experimenting with different settings of the car. Text part of the work includes screenshots taken during the tests and along with mathematical interpretation provides an insight into a physical principle of the car behaviour.</subfield><subfield code="b">Full text of the abstract is available in the Thesis Repository of CU</subfield><subfield code="8">eng</subfield></datafield><datafield tag="650" ind1="0" ind2="7"><subfield code="a">Simulace</subfield><subfield code="x">f</subfield><subfield code="2">mff</subfield></datafield><datafield tag="655" ind1=" " ind2="7"><subfield code="a">bakalářské práce</subfield><subfield code="7">fd132403</subfield><subfield code="2">czenas</subfield></datafield><datafield tag="700" ind1="1" ind2=" "><subfield code="a">Surynek, Pavel</subfield><subfield code="4">ths</subfield></datafield><datafield tag="710" ind1="2" ind2=" "><subfield code="a">Univerzita Karlova.</subfield><subfield code="b">Katedra teoretické informatiky a matematické logiky</subfield><subfield code="7">xx0039049</subfield><subfield code="4">dgg</subfield></datafield><datafield tag="850" ind1=" " ind2=" "><subfield code="a">MFF</subfield></datafield><datafield tag="856" ind1="4" ind2="1"><subfield code="u">https://is.cuni.cz/webapps/zzp/detail/45720</subfield><subfield code="y">Zobrazení plného textu (Repozitář závěrečných prací UK)</subfield></datafield><datafield tag="264" ind1=" " ind2="0"><subfield code="c">2008</subfield></datafield><datafield tag="336" ind1=" " ind2=" "><subfield code="a">text</subfield><subfield code="b">txt</subfield><subfield code="2">rdacontent</subfield></datafield><datafield tag="337" ind1=" " ind2=" "><subfield code="a">počítač</subfield><subfield code="b">c</subfield><subfield code="2">rdamedia</subfield></datafield><datafield tag="338" ind1=" " ind2=" "><subfield code="a">online zdroj</subfield><subfield code="b">cr</subfield><subfield code="2">rdacarrier</subfield></datafield><datafield tag="910" ind1=" " ind2=" "><subfield code="a">ABD170</subfield></datafield><datafield tag="997" ind1=" " ind2=" "><subfield code="a">DS</subfield></datafield><datafield tag="988" ind1=" " ind2=" "><subfield code="a">ER</subfield></datafield><datafield tag="998" ind1=" " ind2=" "><subfield code="a">001030753</subfield></datafield><datafield tag="993" ind1=" " ind2="1"><subfield code="1">MINF</subfield><subfield code="2">INFD</subfield><subfield code="3">IBAK1087</subfield><subfield code="6">GRI/2008/277</subfield><subfield code="5">2560038432</subfield><subfield code="7">Nutno objednat - vytvořte požadavek!</subfield><subfield code="f">21</subfield><subfield code="m">DIGIT</subfield><subfield code="u">0.00</subfield><subfield code="w">001030753</subfield><subfield code="x">000010</subfield></datafield><datafield tag="993" ind1=" " ind2="1"><subfield code="1">MINF</subfield><subfield code="2">INFD</subfield><subfield code="3">IBAK1087</subfield><subfield code="6">GRI/2008/277</subfield><subfield code="5">2560038433</subfield><subfield code="7">Nutno objednat - vytvořte požadavek!</subfield><subfield code="f">21</subfield><subfield code="h">Přiložené CD</subfield><subfield code="m">DIGIT</subfield><subfield code="u">0.00</subfield><subfield code="w">001030753</subfield><subfield code="x">000020</subfield></datafield><datafield tag="SID" ind1=" " ind2=" "><subfield code="a">Z39</subfield><subfield code="b">CKS01</subfield></datafield><controlfield tag="FMT">BK</controlfield></record>]]></value></md><md shared="false"><mid>2087867</mid><description xsi:nil="true" xmlns:xsi="http://www.w3.org/2001/XMLSchema-instance"/><name>technical</name><type>text_md</type><value><![CDATA[<?xml version="1.0" encoding="UTF-8"?>
<textmd:textMD xmlns:textmd="http://www.loc.gov/METS/" xmlns:jhove="http://hul.harvard.edu/ois/xml/ns/jhove" xmlns:xsi="http://www.w3.org/2001/XMLSchema-instance" xmlns="http://www.loc.gov/METS/" xsi:schemaLocation="http://www.loc.gov/METS http://dlib.nyu.edu/METS/textmd.xsd">
<textmd:encoding QUALITY="1">
<textmd:encoding_software/>
<textmd:encoding_platform linebreak=""/>
<textmd:encoding_software/>
<textmd:encoding_agent role=""/>
</textmd:encoding>
<textmd:character_info>
<textmd:charset/>
<textmd:byte_order/>
<textmd:character_size encoding=""/>
<textmd:linebreak/>
</textmd:character_info>
<textmd:language/>
<textmd:alt_language authority=""/>
<textmd:font_script/>
<textmd:markup_basis version=""/>
<textmd:markup_language version=""/>
<textmd:processingNote/>
<textmd:printRequirements/>
<textmd:textNote/>
<textmd:viewingRequirements/>
<textmd:file>
<textmd:fileSize>985348</textmd:fileSize>
<textmd:checksum>
<textmd:checksumMethod>CRC32</textmd:checksumMethod>
<textmd:checksumValue>4b14f0da</textmd:checksumValue>
</textmd:checksum>
<textmd:checksum>
<textmd:checksumMethod>MD5</textmd:checksumMethod>
<textmd:checksumValue>2065a447c9d11c4f83e604f46c8a317b</textmd:checksumValue>
</textmd:checksum>
<textmd:checksum>
<textmd:checksumMethod>SHA-1</textmd:checksumMethod>
<textmd:checksumValue>dee94db7cc63f4b32deb51b811c66162deefb0bb</textmd:checksumValue>
</textmd:checksum>
<textmd:mimeType>application/pdf</textmd:mimeType>
<textmd:extension/>
</textmd:file>
</textmd:textMD>
]]></value></md><md shared="false"><mid>259860</mid><description xsi:nil="true" xmlns:xsi="http://www.w3.org/2001/XMLSchema-instance"/><name>preservation</name><type>preservation_md</type><value><![CDATA[<object xmlns="http://www.loc.gov/standards/premis">
  <objectIdentifier>
    <objectIdentifierType>handle</objectIdentifierType>
    <objectIdentifierValue>123.45/11469</objectIdentifierValue>
  </objectIdentifier>
</object>]]></value></md></mds><relations><relation><type>manifestation</type><pid>94617</pid></relation><relation><type>manifestation</type><pid>94618</pid></relation></relations><stream_ref><file_name>94163_Maly_1087.pdf</file_name><file_extension>pdf</file_extension><mime_type>application/pdf</mime_type><directory_path>/exlibris/dtl/j3_1/digitool/home/system/bin/../../profile/storage/2010/02/10/file_4/94163</directory_path><file_id xsi:nil="true" xmlns:xsi="http://www.w3.org/2001/XMLSchema-instance"/><storage_id>1000</storage_id><external_type>-1</external_type><file_size_bytes>985348</file_size_bytes></stream_ref></xb:digital_entity></xb:digital_entity_call>